<?xml version="1.0" encoding="UTF-8"?><collection xmlns="http://www.loc.gov/MARC21/slim"><record><leader>00386nam--2200133-i-4500</leader><controlfield tag="001">000041372</controlfield><controlfield tag="002">20161230</controlfield><controlfield tag="005">20161230201043</controlfield><controlfield tag="008">060222s1000------------r-----000-0-eng-d</controlfield><datafield ind1=" " ind2=" " tag="100"><subfield code="a">Seith, Wolfgang., Ruthardt, Konrad</subfield></datafield><datafield ind1=" " ind2=" " tag="245"><subfield code="a">Chemische spektralanalyse</subfield></datafield><datafield ind1=" " ind2=" " tag="260"><subfield code="a">Berlin, Springer-verlag, 1949, Vii+173p</subfield></datafield><datafield ind1=" " ind2=" " tag="490"><subfield code="a">Anleitungen Fur Die Chemische Laboratoriumspraxis</subfield></datafield><datafield ind1=" " ind2=" " tag="852"><subfield code="a">10516</subfield></datafield></record></collection>